<record><leader>00000cas a2200000 a 4500</leader><controlfield tag="001">18008640</controlfield><controlfield tag="008">880527d18uu18uukyuwr ne      0    0eng d</controlfield><datafield ind1=" " ind2=" " tag="010"><subfield code="a">sn 88061131 </subfield></datafield><datafield ind1=" " ind2=" " tag="040"><subfield code="a">KNP</subfield><subfield code="b">eng</subfield><subfield code="c">KNP</subfield><subfield code="d">OCL</subfield><subfield code="d">OCLCQ</subfield><subfield code="d">OCLCF</subfield><subfield code="d">OCLCO</subfield></datafield><datafield ind1=" " ind2=" " tag="042"><subfield code="a">msc</subfield></datafield><datafield ind1=" " ind2=" " tag="043"><subfield code="a">n-us-ky</subfield></datafield><datafield ind1="0" ind2=" " tag="130"><subfield code="a">Weekly ledger (Murray, Ky.)</subfield></datafield><datafield ind1="1" ind2="4" tag="245"><subfield code="a">The weekly ledger.</subfield></datafield><datafield ind1="1" ind2="3" tag="246"><subfield code="a">Weekly ledger, news, herald, and item</subfield></datafield><datafield ind1="1" ind2="3" tag="246"><subfield code="a">Ledger and herald</subfield></datafield><datafield ind1=" " ind2=" " tag="260"><subfield code="a">Murray, Ky. :</subfield><subfield code="b">Logan Curd</subfield></datafield><datafield ind1=" " ind2=" " tag="300"><subfield code="a">v. :</subfield><subfield code="b">ill.</subfield></datafield><datafield ind1=" " ind2=" " tag="310"><subfield code="a">Weekly</subfield></datafield><datafield ind1=" " ind2=" " tag="588"><subfield code="a">Description based on: Vol. 2, no. 31 (Oct. 22, 1891).</subfield></datafield><datafield ind1=" " ind2="0" tag="651"><subfield code="a">Calloway County (Ky.)</subfield><subfield code="v">Newspapers.</subfield></datafield><datafield ind1=" " ind2="0" tag="651"><subfield code="a">Murray (Ky.)</subfield><subfield code="v">Newspapers.</subfield></datafield><datafield ind1=" " ind2="7" tag="655"><subfield code="a">Newspapers.</subfield><subfield code="2">fast</subfield><subfield code="0">(OCoLC)fst01423814</subfield></datafield><datafield ind1=" " ind2="7" tag="651"><subfield code="a">Kentucky</subfield><subfield code="z">Calloway County.</subfield><subfield code="2">fast</subfield><subfield code="0">(OCoLC)fst01237929</subfield></datafield><datafield ind1=" " ind2="7" tag="651"><subfield code="a">Kentucky</subfield><subfield code="z">Murray.</subfield><subfield code="2">fast</subfield><subfield code="0">(OCoLC)fst01202731</subfield></datafield><datafield ind1=" " ind2=" " tag="752"><subfield code="a">United States</subfield><subfield code="b">Kentucky</subfield><subfield code="c">Calloway</subfield><subfield code="d">Murray.</subfield></datafield></record>